@misc{tungare2008exploratorystudycalendaruse,
  title         = {An Exploratory Study of Calendar Use},
  author        = {Manas Tungare and Manuel Perez-Quinones and Alyssa Sams},
  year          = {2008},
  eprint        = {0809.3447},
  archiveprefix = {arXiv},
  primaryclass  = {cs.HC},
  url           = {https://arxiv.org/abs/0809.3447}
}