@misc{tungare2008exploratorystudycalendaruse,
  title         = {An Exploratory Study of Calendar Use},
  author        = {Manas Tungare and Manuel Perez-Quinones and Alyssa Sams},
  year          = {2008},
  eprint        = {0809.3447},
  archiveprefix = {arXiv},
  primaryclass  = {cs.HC},
  url           = {https://arxiv.org/abs/0809.3447}
}

@misc{clockwise,
  title = {Clockwise: Smart Calendar Assistant},
  key   = {Clockwise},
  year  = {2024},
  url   = {https://www.getclockwise.com/},
  note  = {Accessed: 2024-09-18}
}

@misc{calendi,
  title = {Calendi: AI Calendar System},
  key   = {Calendi},
  year  = {2024},
  url   = {https://calendi.ai/},
  note  = {Accessed: 2024-09-18}
}

@misc{motion,
  title = {Motion: Intelligent Calendar},
  key   = {Motion},
  year  = {2024},
  url   = {https://www.usemotion.com/},
  note  = {Accessed: 2024-09-18}
}

@misc{reclaim,
  title = {Reclaim AI: Intelligent Time Management},
  key   = {Reclaim},
  year  = {2024},
  url   = {https://reclaim.ai/},
  note  = {Accessed: 2024-09-18}
}

@misc{whatsapp-about,
  title = {WhatsApp About Page},
  key   = {WhatsApp},
  year  = {2024},
  url   = {https://www.whatsapp.com/about},
  note  = {Accessed: 2024-10-29}
}


@misc{def:calendar,
  title = {Calendar Definition},
  key   = {Cambridge},
  year  = {2024},
  url   = {https://dictionary.cambridge.org/dictionary/english/calendar},
  note  = {Accessed: 2024-10-29}
}

@misc{def:Golang,
  title = {Golang Definition},
  key   = {Golang},
  year  = {2024},
  url   = {https://go.dev/project},
  note  = {Accessed: 2024-10-30}
}

@misc{def:JWT,
  title = {JWT Definition},
  key   = {JWT},
  year  = {2024},
  url   = {https://jwt.io/},
  note  = {Accessed: 2024-10-30}
}

@misc{def:WebDAV,
  title = {WebDAV Definition},
  key   = {WebDAV},
  year  = {2007},
  url   = {https://datatracker.ietf.org/doc/html/rfc4918},
  note  = {Accessed: 2024-11-27}
}

@misc{def:grpc,
  title = {gRPC Definition},
  key   = {gRPC},
  year  = {2024},
  url   = {https://grpc.io/docs/what-is-grpc/introduction/},
  note  = {Accessed: 2024-12-02}
}

@misc{def:connectRPC,
  title = {Connect RPC Definition},
  key   = {ConnectRPC},
  year  = {2025},
  url   = {https://connectrpc.com/docs/introduction},
  note  = {Accessed: 2025-04-18}
}

@misc{def:protobuf,
  title = {Protocol Buffers Definition},
  key   = {Protobuf},
  year  = {2024},
  url   = {https://protobuf.dev/overview/},
  note  = {Accessed: 2024-12-02}
}

@misc{def:rabbitmq,
  title = {RabbitMQ Definition},
  key   = {RabbitMQ},
  year  = {2024},
  url   = {https://www.rabbitmq.com/features.html},
  note  = {Accessed: 2024-12-02}
}

@misc{def:postgresql,
  title = {PostgreSQL Definition},
  key   = {PostgreSQL},
  year  = {2024},
  url   = {https://www.postgresql.org/about/},
  note  = {Accessed: 2024-12-02}
}

@misc{def:swiftui,
  title = {SwiftUI Definition},
  key   = {SwiftUI},
  year  = {2024},
  url   = {https://developer.apple.com/swiftui/},
  note  = {Accessed: 2024-12-02}
}

@misc{def:whatsappwebjs,
  title = {WhatsApp Web.js Definition},
  key   = {WhatsAppWebJS},
  year  = {2024},
  url   = {https://wwebjs.dev/},
  note  = {Accessed: 2024-12-02}
}

@misc{def:bun.sh,
  title = {Bun Definition},
  key   = {Bun},
  year  = {2025},
  url   = {https://bun.sh/docs},
  note  = {Accessed: 2025-04-18}
}

@misc{def:http2,
  title = {HTTP/2 Definition},
  key   = {HTTP2},
  year  = {2024},
  url   = {https://httpwg.org/specs/rfc7540.html},
  note  = {Accessed: 2024-12-02}
}